%YAML 1.1
%TAG !u! tag:unity3d.com,2011:
--- !u!1 &1396356460884462448
GameObject:
  m_ObjectHideFlags: 0
  m_CorrespondingSourceObject: {fileID: 0}
  m_PrefabInstance: {fileID: 0}
  m_PrefabAsset: {fileID: 0}
  serializedVersion: 6
  m_Component:
  - component: {fileID: 1396356460884462455}
  - component: {fileID: 1396356460884462454}
  - component: {fileID: 301497608659209517}
  - component: {fileID: 1396356460884462453}
  - component: {fileID: 348047157}
  - component: {fileID: 348047158}
  - component: {fileID: 8919695250326411145}
  m_Layer: 0
  m_Name: General manager
  m_TagString: Untagged
  m_Icon: {fileID: 0}
  m_NavMeshLayer: 0
  m_StaticEditorFlags: 0
  m_IsActive: 1
--- !u!4 &1396356460884462455
Transform:
  m_ObjectHideFlags: 0
  m_CorrespondingSourceObject: {fileID: 0}
  m_PrefabInstance: {fileID: 0}
  m_PrefabAsset: {fileID: 0}
  m_GameObject: {fileID: 1396356460884462448}
  m_LocalRotation: {x: 0, y: 0, z: 0, w: 1}
  m_LocalPosition: {x: -42.621918, y: 3.789688, z: -72.25492}
  m_LocalScale: {x: 1, y: 1, z: 1}
  m_Children: []
  m_Father: {fileID: 0}
  m_RootOrder: 0
  m_LocalEulerAnglesHint: {x: 0, y: 0, z: 0}
--- !u!114 &1396356460884462454
MonoBehaviour:
  m_ObjectHideFlags: 0
  m_CorrespondingSourceObject: {fileID: 0}
  m_PrefabInstance: {fileID: 0}
  m_PrefabAsset: {fileID: 0}
  m_GameObject: {fileID: 1396356460884462448}
  m_Enabled: 1
  m_EditorHideFlags: 0
  m_Script: {fileID: 11500000, guid: cf96f360657afe14098f3e1939832d0e, type: 3}
  m_Name: 
  m_EditorClassIdentifier: 
  camManager: {fileID: 0}
  currentLevel: {fileID: 0}
  canvasCollector: {fileID: 0}
  totalEnergy: 100
  energyPerMinute: 30
  gameTime: 180
  sliderTranstiionTime: 1
  fadingTime: 1.5
  checkEndGame: 1
  enableTransitions: 0
  debugTurret: {fileID: 0}
--- !u!114 &301497608659209517
MonoBehaviour:
  m_ObjectHideFlags: 0
  m_CorrespondingSourceObject: {fileID: 0}
  m_PrefabInstance: {fileID: 0}
  m_PrefabAsset: {fileID: 0}
  m_GameObject: {fileID: 1396356460884462448}
  m_Enabled: 1
  m_EditorHideFlags: 0
  m_Script: {fileID: 11500000, guid: 490bf87d797b36042b8671e61512165f, type: 3}
  m_Name: 
  m_EditorClassIdentifier: 
--- !u!114 &1396356460884462453
MonoBehaviour:
  m_ObjectHideFlags: 0
  m_CorrespondingSourceObject: {fileID: 0}
  m_PrefabInstance: {fileID: 0}
  m_PrefabAsset: {fileID: 0}
  m_GameObject: {fileID: 1396356460884462448}
  m_Enabled: 1
  m_EditorHideFlags: 0
  m_Script: {fileID: 11500000, guid: 7689339ca1c8a514db846db752db9305, type: 3}
  m_Name: 
  m_EditorClassIdentifier: 
  bombCost: 50
  turretBoostCost: 30
--- !u!114 &348047157
MonoBehaviour:
  m_ObjectHideFlags: 0
  m_CorrespondingSourceObject: {fileID: 0}
  m_PrefabInstance: {fileID: 0}
  m_PrefabAsset: {fileID: 0}
  m_GameObject: {fileID: 1396356460884462448}
  m_Enabled: 1
  m_EditorHideFlags: 0
  m_Script: {fileID: 11500000, guid: 7d1cd46b3b61705459a5ab34c7b31f40, type: 3}
  m_Name: 
  m_EditorClassIdentifier: 
  cost: 0
  boostTime: 10
  boostCdMultiplier: 0.3
  boostDmgMultiplier: 2
  defaultTransitionTime: 0.15
--- !u!114 &348047158
MonoBehaviour:
  m_ObjectHideFlags: 0
  m_CorrespondingSourceObject: {fileID: 0}
  m_PrefabInstance: {fileID: 0}
  m_PrefabAsset: {fileID: 0}
  m_GameObject: {fileID: 1396356460884462448}
  m_Enabled: 1
  m_EditorHideFlags: 0
  m_Script: {fileID: 11500000, guid: 4797288ee928a134f9fc0b356d639f0d, type: 3}
  m_Name: 
  m_EditorClassIdentifier: 
  cost: 0
  bombScale: 5
  bombSound: {fileID: 8300000, guid: b4ec236233462384e89cbaf515e80025, type: 3}
  radius: 70
  numberOfRadiusElements: 50
  radiusCubeScale: {x: 3.5, y: 0.2, z: 0.2}
  rotationSpeed: 10
  outlineOpaque: {fileID: 2100000, guid: ec3315542c9534d4b96a84c79353eb49, type: 2}
  outlineTransparent: {fileID: 2100000, guid: 9c153d5c9ffaa104c89fc7951b865554, type: 2}
  cubePrefab: {fileID: 100000, guid: 338f87c2c5a414d48b6fd243d883e848, type: 3}
--- !u!82 &8919695250326411145
AudioSource:
  m_ObjectHideFlags: 0
  m_CorrespondingSourceObject: {fileID: 0}
  m_PrefabInstance: {fileID: 0}
  m_PrefabAsset: {fileID: 0}
  m_GameObject: {fileID: 1396356460884462448}
  m_Enabled: 1
  serializedVersion: 4
  OutputAudioMixerGroup: {fileID: 0}
  m_audioClip: {fileID: 0}
  m_PlayOnAwake: 1
  m_Volume: 0.215
  m_Pitch: 1
  Loop: 0
  Mute: 0
  Spatialize: 0
  SpatializePostEffects: 0
  Priority: 128
  DopplerLevel: 1
  MinDistance: 1
  MaxDistance: 500
  Pan2D: 0
  rolloffMode: 0
  BypassEffects: 0
  BypassListenerEffects: 0
  BypassReverbZones: 0
  rolloffCustomCurve:
    serializedVersion: 2
    m_Curve:
    - serializedVersion: 3
      time: 0
      value: 1
      inSlope: 0
      outSlope: 0
      tangentMode: 0
      weightedMode: 0
      inWeight: 0.33333334
      outWeight: 0.33333334
    - serializedVersion: 3
      time: 1
      value: 0
      inSlope: 0
      outSlope: 0
      tangentMode: 0
      weightedMode: 0
      inWeight: 0.33333334
      outWeight: 0.33333334
    m_PreInfinity: 2
    m_PostInfinity: 2
    m_RotationOrder: 4
  panLevelCustomCurve:
    serializedVersion: 2
    m_Curve:
    - serializedVersion: 3
      time: 0
      value: 0
      inSlope: 0
      outSlope: 0
      tangentMode: 0
      weightedMode: 0
      inWeight: 0.33333334
      outWeight: 0.33333334
    m_PreInfinity: 2
    m_PostInfinity: 2
    m_RotationOrder: 4
  spreadCustomCurve:
    serializedVersion: 2
    m_Curve:
    - serializedVersion: 3
      time: 0
      value: 0
      inSlope: 0
      outSlope: 0
      tangentMode: 0
      weightedMode: 0
      inWeight: 0.33333334
      outWeight: 0.33333334
    m_PreInfinity: 2
    m_PostInfinity: 2
    m_RotationOrder: 4
  reverbZoneMixCustomCurve:
    serializedVersion: 2
    m_Curve:
    - serializedVersion: 3
      time: 0
      value: 1
      inSlope: 0
      outSlope: 0
      tangentMode: 0
      weightedMode: 0
      inWeight: 0.33333334
      outWeight: 0.33333334
    m_PreInfinity: 2
    m_PostInfinity: 2
    m_RotationOrder: 4
