%YAML 1.1
%TAG !u! tag:unity3d.com,2011:
--- !u!1 &1739112413249782443
GameObject:
  m_ObjectHideFlags: 0
  m_CorrespondingSourceObject: {fileID: 0}
  m_PrefabInstance: {fileID: 0}
  m_PrefabAsset: {fileID: 0}
  serializedVersion: 6
  m_Component:
  - component: {fileID: 1739112413249782441}
  - component: {fileID: 1739112413249782440}
  - component: {fileID: 1013731071752523620}
  - component: {fileID: 5479997142922178950}
  - component: {fileID: 5136207945233839735}
  - component: {fileID: 4786419847719653295}
  m_Layer: 0
  m_Name: ClusterNode
  m_TagString: Untagged
  m_Icon: {fileID: 0}
  m_NavMeshLayer: 0
  m_StaticEditorFlags: 0
  m_IsActive: 1
--- !u!4 &1739112413249782441
Transform:
  m_ObjectHideFlags: 0
  m_CorrespondingSourceObject: {fileID: 0}
  m_PrefabInstance: {fileID: 0}
  m_PrefabAsset: {fileID: 0}
  m_GameObject: {fileID: 1739112413249782443}
  m_LocalRotation: {x: 0, y: 0, z: 0, w: 1}
  m_LocalPosition: {x: 0, y: 0, z: 0}
  m_LocalScale: {x: 1, y: 1, z: 1}
  m_Children: []
  m_Father: {fileID: 0}
  m_RootOrder: 0
  m_LocalEulerAnglesHint: {x: 0, y: 0, z: 0}
--- !u!114 &1739112413249782440
MonoBehaviour:
  m_ObjectHideFlags: 0
  m_CorrespondingSourceObject: {fileID: 0}
  m_PrefabInstance: {fileID: 0}
  m_PrefabAsset: {fileID: 0}
  m_GameObject: {fileID: 1739112413249782443}
  m_Enabled: 1
  m_EditorHideFlags: 0
  m_Script: {fileID: 11500000, guid: eb1b21845ce60844599ac9596d7e2e0f, type: 3}
  m_Name: 
  m_EditorClassIdentifier: 
  numVehicles: 5
  vehicle: {fileID: 1739112413249782443, guid: fced3b977bad9f54c9c6860b7e22d0e3, type: 3}
  vehicles: []
--- !u!114 &1013731071752523620
MonoBehaviour:
  m_ObjectHideFlags: 0
  m_CorrespondingSourceObject: {fileID: 0}
  m_PrefabInstance: {fileID: 0}
  m_PrefabAsset: {fileID: 0}
  m_GameObject: {fileID: 1739112413249782443}
  m_Enabled: 1
  m_EditorHideFlags: 0
  m_Script: {fileID: 11500000, guid: 2da82931570485441a2e737539e90ad9, type: 3}
  m_Name: 
  m_EditorClassIdentifier: 
  velocity: {x: 0, y: 0, z: 0}
  acceleration: {x: 0, y: 0, z: 0}
  clusterFather: {fileID: 0}
  target: {fileID: 0}
  maxForce: 100
  maxSpeed: 100
--- !u!54 &5479997142922178950
Rigidbody:
  m_ObjectHideFlags: 0
  m_CorrespondingSourceObject: {fileID: 0}
  m_PrefabInstance: {fileID: 0}
  m_PrefabAsset: {fileID: 0}
  m_GameObject: {fileID: 1739112413249782443}
  serializedVersion: 2
  m_Mass: 1
  m_Drag: 0
  m_AngularDrag: 0.05
  m_UseGravity: 1
  m_IsKinematic: 0
  m_Interpolate: 0
  m_Constraints: 0
  m_CollisionDetection: 0
--- !u!114 &5136207945233839735
MonoBehaviour:
  m_ObjectHideFlags: 0
  m_CorrespondingSourceObject: {fileID: 0}
  m_PrefabInstance: {fileID: 0}
  m_PrefabAsset: {fileID: 0}
  m_GameObject: {fileID: 1739112413249782443}
  m_Enabled: 1
  m_EditorHideFlags: 0
  m_Script: {fileID: 11500000, guid: 8542e72507cbdac4e901d63e59efcdd7, type: 3}
  m_Name: 
  m_EditorClassIdentifier: 
  weight: 1.5
  separation: 30
--- !u!114 &4786419847719653295
MonoBehaviour:
  m_ObjectHideFlags: 0
  m_CorrespondingSourceObject: {fileID: 0}
  m_PrefabInstance: {fileID: 0}
  m_PrefabAsset: {fileID: 0}
  m_GameObject: {fileID: 1739112413249782443}
  m_Enabled: 1
  m_EditorHideFlags: 0
  m_Script: {fileID: 11500000, guid: fd699887b62e38d4c9d855c4d2788660, type: 3}
  m_Name: 
  m_EditorClassIdentifier: 
  weight: 0.5
